@misc{ a,
    author = "www.xoriant.com/blog/product-engineering/decision-trees-machine-learning-algorithm.html",
 "}



@misc{ b,
    author = "www.chrisalbon.com/machine-learning/naive-bayes/gaussian-naive-bayes-classifier/",
"}

@misc{ c,
    author = "www.dataaspirant.com/2017/05/22/random-forest-algorithm-machine-learing/",
"}


@misc{ d,
    author = "www.analyticsvidhya.com/blog/2014/10/introduction-k-neighbours-algorithm-clustering/",
"}


@misc{ e,
    author = "www.quora.com/What-is-AdaBoost"
  "}